%% This BibTeX bibliography file was created using BibDesk.
%% https://bibdesk.sourceforge.io/

%% Created for Daniel McDonald at 2021-04-07 10:33:29 -0700 


%% Saved with string encoding Unicode (UTF-8) 



@techreport{McDonaldShalizi2016a,
	arxiv = {https://arxiv.org/abs/1106.0730},
	author = {McDonald, Daniel J. and Shalizi, Cosma Rohilla},
	title = {Rademacher complexity of stationary sequences},
	year = {2017},
	Bdsk-Url-1 = {http://arxiv.org/abs/1106.0730}}

@article{HomrighausenMcDonald2017,
	archiveprefix = {arXiv},
	author = {Homrighausen, Darren and McDonald, Daniel J.},
	date-modified = {2021-04-07 10:28:44 -0700},
	eprint = {1705.08036},
	journal = {Journal of Computational and Graphical Statistics},
	number = {2},
	pages = {309-322},
	title = {Compressed and penalized linear regression},
	volume = {29},
	year = {2020},
	Bdsk-Url-1 = {https://arxiv.org/abs/1705.08036},
	Bdsk-Url-2 = {https://doi.org/10.1080/10618600.2019.1660179}}

@misc{PhamDing2020,
	author = {Pham, Damon and Ding, Lei and McDonald, Daniel J. and Mejia, Amanda},
	howpublished = {in preparation},
	title = {Leverage scrubbing: a {PCA}-based outlier detection method for {fMRI}},
	year = {2020+}}

@misc{PolicastroMcDonald2020,
	author = {Policastro, Robert A. and McDonald, Daniel J. and Brendel, Volker P. and Zentner, Gabriel E.},
	code = {https://zentnerlab.github.io/TSRexploreR/index.html},
	date-modified = {2021-04-07 10:33:29 -0700},
	howpublished = {minor revision},
	journal = {NAR Genomics and Bioinformatics},
	title = {Flexible analysis of {TSS} mapping data and detection of {TSS} shifts with {TSRexploreR}},
	year = {2021+}}

@article{McDonald2020,
	author = {McDonald, Daniel J.},
	date-modified = {2021-04-07 10:28:44 -0700},
	journal = {Journal of the American Statistical Association},
	title = {Book Review: {S}ufficient Dimension Reduction: Methods and Applications with {R}},
	volume = {115},
	year = {2020},
	Bdsk-Url-1 = {https://doi.org/10.1080/01621459.2020.1759990}}

@misc{DingMcDonald2019,
	author = {Ding, Lei and McDonald, Daniel J.},
	howpublished = {submitted},
	title = {Sufficient principal component regression for genomics},
	year = {2019+}}

@misc{McDonaldSharpnack2019,
	author = {McDonald, Daniel J. and Sharpnack, James and Bassett, Robert},
	howpublished = {in preparation},
	title = {Exponential family trend filtering on grids},
	year = {2019+}}

@inproceedings{KhodadadiMcDonald2018,
	arxiv = {https://arxiv.org/abs/1805.07376},
	author = {Khodadadi, A. and McDonald, D. J.},
	booktitle = {Proceedings of the 33rd {AAAI} Conference on Artificial Intelligence (AAAI-19)},
	code = {https://github.com/dajmcdon/VolatilityTrend},
	date-modified = {2021-04-07 10:28:44 -0700},
	editor = {Hentenryck, P. V. and Zhou, Z.-H.},
	publisher = {Association for the Advancement of Artificial Intelligence},
	title = {Algorithms for Estimating Trends in Global Temperature Volatility},
	year = {2019},
	Bdsk-Url-1 = {https://doi.org/10.1609/aaai.v33i01.3301614}}

@inproceedings{McDonald2017,
	arxiv = {https://arxiv.org/abs/1702.08895},
	author = {McDonald, Daniel J.},
	booktitle = {Proceedings of the Twentieth International Conference on Artificial Intelligence and Statistics (AISTATS)},
	editor = {Singh, Aarti and Zhu, Jerry},
	pages = {194--203},
	publisher = {PMLR},
	title = {Minimax Density Estimation for Growing Dimension},
	url = {http://proceedings.mlr.press/v54/mcdonald17a.html},
	volume = {54},
	year = {2017},
	Bdsk-Url-1 = {http://proceedings.mlr.press/v54/mcdonald17a.html}}

@misc{McDonald2016,
	arxiv = {http://arxiv.org/abs/1907.06244},
	author = {McDonald, Daniel J. and McBride, Michael and Gu, Yupeng and Raphael, Christopher},
	code = {https://github.com/dajmcdon/dpf},
	date-modified = {2021-04-07 10:32:44 -0700},
	howpublished = {accepted},
	journal = {Annals of Applied Statistics},
	title = {Markov-switching State Space Models for Uncovering Musical Interpretation},
	year = {2021+}}

@article{DingMcDonald2017,
	arxiv = {http://arxiv.org/abs/1907.05927},
	author = {Ding, Lei and McDonald, Daniel J.},
	date-modified = {2021-04-07 10:28:44 -0700},
	journal = {Bioinformatics},
	number = {14},
	pages = {i350--i358},
	title = {Predicting phenotypes from microarrays using amplified, initially marginal, eigenvector regression},
	volume = {33},
	year = {2017},
	Bdsk-Url-1 = {http://dx.doi.org/10.1093/bioinformatics/btx265}}

@phdthesis{McDonald2012,
	author = {McDonald, Daniel J.},
	pdf = {/assets/research/thesis.pdf},
	school = {Carnegie Mellon University},
	title = {Generalization error bounds for state-space models},
	year = {2012}}

@misc{McDonaldShalizi2015a,
	author = {McDonald, Daniel J. and Shalizi, Cosma Rohilla},
	howpublished = {in preparation},
	title = {Empirical Macroeconomics and {DSGE} Modeling in Statistical Perspective},
	year = {2019+}}

@article{LoewensteinKrishnamurti2015,
	author = {Loewenstein, George and Krishnamurti, Tamar and Kopsic, Jessica and McDonald, Daniel J.},
	date-modified = {2021-04-07 10:28:44 -0700},
	journal = {Journal of Economic Behavior and Organization},
	pages = {206--218},
	title = {Does Increased Sexual Frequency Enhance Happiness?},
	volume = {116},
	year = {2015},
	Bdsk-Url-1 = {http://dx.doi.org/10.1016/j.jebo.2015.04.021}}

@article{HomrighausenMcDonald2015a,
	arxiv = {https://arxiv.org/abs/1602.01522},
	author = {Homrighausen, Darren and McDonald, Daniel J.},
	date-modified = {2021-04-07 10:28:44 -0700},
	journal = {Journal of Statistical Computation and Simulation},
	pages = {2865--2892},
	title = {A study on tuning parameter selection for the high-dimensional lasso},
	volume = {88},
	year = {2018},
	Bdsk-Url-1 = {http://dx.doi.org/10.1080/00949655.2018.1491575}}

@techreport{HomrighausenMcDonald2011,
	arxiv = {http://arxiv.org/abs/1107.4340},
	author = {Homrighausen, Darren and McDonald, Daniel J.},
	title = {Spectral approximations in machine learning},
	year = {2011}}

@article{HomrighausenMcDonald2015,
	arxiv = {https://arxiv.org/abs/1308.0810},
	author = {Homrighausen, Darren and McDonald, Daniel J.},
	date-modified = {2021-04-07 10:28:44 -0700},
	journal = {Statistica Sinica},
	number = {3},
	pages = {1017--1036},
	title = {Risk consistency of cross-validation for lasso-type procedures},
	volume = {27},
	year = {2017},
	Bdsk-Url-1 = {http://dx.doi.org/10.5705/ss.202015.0355}}

@article{HomrighausenMcDonald2016,
	arxiv = {https://arxiv.org/abs/1602.01120},
	author = {Homrighausen, Darren and McDonald, Daniel J.},
	code = {http://dx.doi.org/10.1080/10618600.2014.995799},
	date-modified = {2021-04-07 10:28:44 -0700},
	eprint = {1206.6128},
	journal = {Journal of Computational and Graphical Statistics},
	number = {2},
	pages = {344--362},
	title = {On the {N}ystr{\"o}m and Column-Sampling Methods for the Approximate Principal Components Analysis of Large Data Sets},
	volume = {25},
	year = {2016},
	Bdsk-Url-1 = {http://dx.doi.org/10.1080/10618600.2014.995799}}

@article{HomrighausenMcDonald2014,
	arxiv = {https://arxiv.org/abs/1206.6128},
	author = {Homrighausen, Darren and McDonald, Daniel J.},
	date-modified = {2021-04-07 10:28:44 -0700},
	journal = {Machine Learning},
	number = {1-2},
	pages = {65-78},
	title = {Leave-one-out cross-validation is risk consistent for lasso},
	volume = {97},
	year = {2014},
	Bdsk-Url-1 = {http://dx.doi.org/10.1007/s10994-014-5438-z}}

@inproceedings{HomrighausenMcDonald2013,
	arxiv = {http://proceedings.mlr.press/v28/homrighausen13.html},
	author = {Homrighausen, D. and McDonald, D. J.},
	booktitle = {Proceedings of the Thirtieth International Conference on Machine Learning (ICML)},
	date-modified = {2021-04-07 10:28:44 -0700},
	editor = {Dasgupta, Sanjoy and McAllester, David},
	pages = {1031--1039},
	publisher = {PMLR},
	title = {The lasso, persistence, and cross-validation},
	volume = {28},
	year = {2013},
	Bdsk-Url-1 = {http://proceedings.mlr.press/v28/homrighausen13.html}}

@article{JuePress2012,
	author = {Jue, J. Jane S. and Press, Matthew J. and McDonald, Daniel J. and Volpp, Kevin G. and Asch, David A. and Mitra, Nandita and Stanowski, Anthony C. and Loewenstein, George},
	date-modified = {2021-04-07 10:28:44 -0700},
	journal = {Preventive Medicine},
	pages = {629--633},
	title = {The impact of price discounts and calorie messaging on beverage consumption: {A} multi-site field study},
	volume = {55},
	year = {2012},
	Bdsk-Url-1 = {http://dx.doi.org/10.1016/j.ypmed.2012.10.009}}

@article{McDonaldShalizi2015,
	arxiv = {https://arxiv.org/abs/1109.5998},
	author = {McDonald, Daniel J. and Shalizi, Cosma Rohilla and Schervish, Mark},
	code = {/assets/research/beta-mix-code.zip},
	date-modified = {2021-04-07 10:28:44 -0700},
	journal = {Electronic Journal of Statistics},
	pages = {2855--2883},
	title = {Estimating beta-mixing coefficients via histograms},
	volume = {9},
	year = {2015},
	Bdsk-Url-1 = {http://dx.doi.org/10.1214/15-EJS1094}}

@techreport{McDonaldLoewenstein2009,
	author = {McDonald, Daniel J. and Loewenstein, George F. and Kadane, Joseph},
	pdf = {/assets/research/weight-loss.pdf},
	title = {The behavior of weight-loss study participants in response to incentives},
	year = {2009}}

@techreport{McDonaldShalizi2011d,
	arxiv = {https://arxiv.org/abs/1111.3404},
	author = {McDonald, Daniel J. and Shalizi, Cosma Rohilla and Schervish, Mark},
	title = {Estimated {VC} dimension for risk bounds},
	year = {2011}}

@article{McDonaldShalizi2016,
	arxiv = {https://arxiv.org/abs/1212.0463},
	author = {McDonald, D. J. and Shalizi, Cosma Rohilla and Schervish, Mark},
	date-modified = {2021-04-07 10:28:44 -0700},
	journal = {Journal of Machine Learning Research},
	number = {32},
	pages = {1--40},
	title = {Nonparametric risk bounds for time-series forecasting},
	volume = {18},
	year = {2017},
	Bdsk-Url-1 = {http://www.jmlr.org/papers/v18/13-336.html}}

@inproceedings{McDonaldShalizi2011a,
	arxiv = {http://arxig.org/abs/1103.0941},
	author = {McDonald, D. J. and Shalizi, C. R. and Schervish, M.},
	booktitle = {Proceedings of the Fourteenth International Conference on Artificial Intelligence and Statistics (AISTATS)},
	date-modified = {2021-04-07 10:28:44 -0700},
	editor = {Gordon, G. and Dunson, D. and Dud{\'\i}k, M.},
	pages = {516--524},
	publisher = {PMLR},
	title = {Estimating beta-mixing coefficients},
	volume = {15},
	year = {2011},
	Bdsk-Url-1 = {http://proceedings.mlr.press/v15/mcdonald11a.html}}

@techreport{McDonaldShalizi2011,
	arxiv = {http://arxiv.org/abs/1103.0942},
	author = {McDonald, Daniel J. and Shalizi, Cosma Rohilla and Schervish, Mark},
	title = {Generalization error bounds for stationary autoregressive models},
	year = {2011}}

@article{McDonaldThornton2008,
	author = {McDonald, Daniel J. and Thornton, Daniel L.},
	date-modified = {2021-04-07 10:28:44 -0700},
	journal = {The Federal Reserve Bank of St. Louis Review},
	number = {1},
	pages = {31--46},
	title = {Primer on the Mortgage Market and Mortgage Finance},
	volume = {90},
	year = {2008},
	Bdsk-Url-1 = {https://research.stlouisfed.org/publications/review/2008/01/01/a-primer-on-the-mortgage-market-and-mortgage-finance/}}
